<?xml version="1.0" encoding="UTF-8" ?><marc:collection xmlns:marc="http://www.loc.gov/MARC21/slim" xmlns:xsi="http://www.w3.org/2001/XMLSchema-instance" xsi:schemaLocation="http://www.loc.gov/MARC21/slim http://www.loc.gov/standards/marcxml/schema/MARC21slim.xsd">
<marc:record><marc:leader>02598cam a2200433Ii 4500</marc:leader>
<marc:controlfield tag="001">b12416496</marc:controlfield>
<marc:controlfield tag="003">UaCaAUL</marc:controlfield><marc:controlfield tag="005">20190613015206.0</marc:controlfield><marc:controlfield tag="008">000216s1913    le            000 0 ara d</marc:controlfield><marc:datafield tag="035" ind1=" " ind2=" "><marc:subfield code="a">(OCoLC)60506379</marc:subfield></marc:datafield><marc:datafield tag="040" ind1=" " ind2=" "><marc:subfield code="a">MEAUC</marc:subfield><marc:subfield code="b">eng</marc:subfield><marc:subfield code="e">rda</marc:subfield><marc:subfield code="c">MEAUC</marc:subfield><marc:subfield code="d">OCLCQ</marc:subfield><marc:subfield code="d">OCLCG</marc:subfield><marc:subfield code="d">OCLCA</marc:subfield><marc:subfield code="d">OCLCQ</marc:subfield><marc:subfield code="d">OCLCF</marc:subfield><marc:subfield code="d">OCLCA</marc:subfield></marc:datafield><marc:datafield tag="050" ind1=" " ind2="4"><marc:subfield code="a">PJ7553</marc:subfield><marc:subfield code="b">.A673 1913</marc:subfield></marc:datafield><marc:datafield tag="066" ind1=" " ind2=" "><marc:subfield code="c">(3</marc:subfield></marc:datafield><marc:datafield tag="090" ind1=" " ind2=" "><marc:subfield code="a">PJ7553</marc:subfield><marc:subfield code="b">.A673 1913</marc:subfield></marc:datafield><marc:datafield tag="100" ind1="1" ind2=" "><marc:subfield code="6">880-01</marc:subfield><marc:subfield code="a">Āmidī, al-Ḥasan ibn Bishr,</marc:subfield><marc:subfield code="d">-981 or 982.</marc:subfield></marc:datafield><marc:datafield tag="245" ind1="1" ind2="3"><marc:subfield code="6">880-02</marc:subfield><marc:subfield code="a">al-Muwāzanah bayna Abī Tammām wa-al-Buḥturī /</marc:subfield><marc:subfield code="c">lil-shaykh al-ʻallāmah Abī al-Qāsim al-Ḥasan ibn Bishr ibn Yaḥyá al-Āmidī.</marc:subfield></marc:datafield><marc:datafield tag="250" ind1=" " ind2=" "><marc:subfield code="6">880-03</marc:subfield><marc:subfield code="a">al-Ṭabʻah al-thānīyah.</marc:subfield></marc:datafield><marc:datafield tag="264" ind1=" " ind2="1"><marc:subfield code="6">880-04</marc:subfield><marc:subfield code="a">Bayrūt :</marc:subfield><marc:subfield code="b">ṭubiʻ fī Maṭbaʻat Jarīdat al-Iqbāl fī Bayrūt,</marc:subfield><marc:subfield code="c">1332 [1913]</marc:subfield></marc:datafield><marc:datafield tag="300" ind1=" " ind2=" "><marc:subfield code="a">240 pages ;</marc:subfield><marc:subfield code="c">23 cm.</marc:subfield></marc:datafield><marc:datafield tag="336" ind1=" " ind2=" "><marc:subfield code="a">text</marc:subfield><marc:subfield code="b">txt</marc:subfield><marc:subfield code="2">rdacontent.</marc:subfield></marc:datafield><marc:datafield tag="337" ind1=" " ind2=" "><marc:subfield code="a">unmediated</marc:subfield><marc:subfield code="b">n</marc:subfield><marc:subfield code="2">rdamedia.</marc:subfield></marc:datafield><marc:datafield tag="338" ind1=" " ind2=" "><marc:subfield code="a">volume</marc:subfield><marc:subfield code="b">nc</marc:subfield><marc:subfield code="2">rdacarrier.</marc:subfield></marc:datafield><marc:datafield tag="500" ind1=" " ind2=" "><marc:subfield code="6">880-05</marc:subfield><marc:subfield code="a">ʻAn nuskhah jalīlah bi-khaṭṭ al-adīb al-niḥrīr al-shaykh ʻAbd al-Karīm ibn Aḥmad ibn Idrīs al-Ṣafadī bi-tārīkh shahr Ṣafar min sanat 1129.</marc:subfield></marc:datafield><marc:datafield tag="500" ind1=" " ind2=" "><marc:subfield code="6">880-06</marc:subfield><marc:subfield code="a">&quot;Tamma ṭabʻahu fī awākhir Dhī al-ḥijjah al-mubārak ʻām 1321 Hijrīyah&quot;--Colophon.</marc:subfield></marc:datafield><marc:datafield tag="500" ind1=" " ind2=" "><marc:subfield code="a">Decorated title page.</marc:subfield></marc:datafield><marc:datafield tag="600" ind1="0" ind2="0"><marc:subfield code="6">880-07</marc:subfield><marc:subfield code="a">Abū Tammām Ḥabīb ibn Aws al-Ṭāʼī,</marc:subfield><marc:subfield code="d">active 808-842.</marc:subfield></marc:datafield><marc:datafield tag="600" ind1="1" ind2="0"><marc:subfield code="6">880-08</marc:subfield><marc:subfield code="a">Buḥturī, al-Walīd ibn ʻUbayd,</marc:subfield><marc:subfield code="d">approximately 821-897 or 898.</marc:subfield></marc:datafield><marc:datafield tag="880" ind1="1" ind2="2"><marc:subfield code="6">245-02/(3/r</marc:subfield><marc:subfield code="a">الموازنة بين ابي تمام والبحتري /‪</marc:subfield><marc:subfield code="c">للشيخ العلامة ابي القاسم الحسن بن بشر بن يحيى الآمدي..</marc:subfield></marc:datafield><marc:datafield tag="880" ind1="1" ind2=" "><marc:subfield code="6">100-01/(3/r</marc:subfield><marc:subfield code="a">آمدي، الحسن بن بشر،‪</marc:subfield><marc:subfield code="d">-981 أو 982.</marc:subfield></marc:datafield><marc:datafield tag="880" ind1=" " ind2=" "><marc:subfield code="6">250-03/(3/r</marc:subfield><marc:subfield code="a">الطبعة الثانية..</marc:subfield></marc:datafield><marc:datafield tag="880" ind1=" " ind2="1"><marc:subfield code="6">264-04/(3/r</marc:subfield><marc:subfield code="a">بيروت :‪</marc:subfield><marc:subfield code="b">طبع في مطبعة جريدة الاقبال في بيروت،‪</marc:subfield><marc:subfield code="c">1332 [1913]</marc:subfield></marc:datafield><marc:datafield tag="880" ind1=" " ind2=" "><marc:subfield code="6">500-05/(3/r</marc:subfield><marc:subfield code="a">عن نسخة جليلة بخط الاديب النحرير الشيخ عبد الكريم بن احمد بن ادريس الصفدي بتاريخ شهر صفر من سنة 1129.</marc:subfield></marc:datafield><marc:datafield tag="880" ind1=" " ind2=" "><marc:subfield code="6">500-06/(3/r</marc:subfield><marc:subfield code="a">&quot;تم طبعه في اواخر ذي الحجة المبارك عام 13321 هجرية&quot;Colophon.</marc:subfield></marc:datafield><marc:datafield tag="880" ind1="0" ind2="4"><marc:subfield code="6">600-07/(3/r</marc:subfield><marc:subfield code="a">أبو تمام حبيب بن أوس الطائي،،‪</marc:subfield><marc:subfield code="d">active 808-842.</marc:subfield></marc:datafield><marc:datafield tag="880" ind1="1" ind2="0"><marc:subfield code="6">600-08/(3/r</marc:subfield><marc:subfield code="a">بحتري، الوليد بن عبيد،‪</marc:subfield><marc:subfield code="d">approximately  821-897 أو 898.</marc:subfield></marc:datafield><marc:datafield tag="907" ind1=" " ind2=" "><marc:subfield code="a">.b12416496</marc:subfield><marc:subfield code="b">main </marc:subfield></marc:datafield><marc:datafield tag="902" ind1=" " ind2=" "><marc:subfield code="a">190902</marc:subfield></marc:datafield><marc:datafield tag="998" ind1=" " ind2=" "><marc:subfield code="b">1</marc:subfield><marc:subfield code="c">000221</marc:subfield><marc:subfield code="d">m</marc:subfield><marc:subfield code="e">~</marc:subfield><marc:subfield code="f">-</marc:subfield><marc:subfield code="g">3</marc:subfield><marc:subfield code="k">TA</marc:subfield></marc:datafield><marc:datafield tag="945" ind1=" " ind2=" "><marc:subfield code="l">main </marc:subfield></marc:datafield></marc:record>
</marc:collection>
